@manual{v353,
  author = {TU Dortmund},
  title = {V353 - Das Relaxationsverhalten eines RC-Kreises},
  year = 2019
}
